@article{porter_hyphal_2022,
	title = {Hyphal systems and their effect on the mechanical properties of fungal sporocarps},
	volume = {145},
	issn = {1742-7061},
	url = {https://www.sciencedirect.com/science/article/pii/S1742706122002161},
	doi = {10.1016/j.actbio.2022.04.011},
	language = {en},
	journal = {Acta Biomaterialia},
	author = {Porter, Debora Lyn and Naleway, Steven E.},
	month = jun,
	year = {2022},
	pages = {272--282},
}

@article{money_insights_2008,
	title = {Insights on the mechanics of hyphal growth},
	volume = {22},
	issn = {1749-4613},
	url = {https://www.sciencedirect.com/science/article/abs/pii/S1749461308000195},
	doi = {10.1016/j.fbr.2008.05.002},
	language = {en},
	number = {2},
	journal = {Fungal Biology Reviews},
	author = {Money, Nicholas},
	month = may,
	year = {2008},
	note = {Publisher: Elsevier},
	pages = {71--76},
}