@article{fisher_use_1936,
	title = {The {Use} of {Multiple} {Measurements} in {Taxonomic} {Problems}},
	volume = {7},
	issn = {2050-1439},
	url = {https://onlinelibrary.wiley.com/doi/abs/10.1111/j.1469-1809.1936.tb02137.x},
	doi = {10.1111/j.1469-1809.1936.tb02137.x},
	number = {2},
	journal = {Annals of Eugenics},
	author = {Fisher, R. A.},
	year = {1936},
	pages = {179--188},
}

@article{anderson_r_1996,
	title = {R. {A}. {Fisher} and {Multivariate} {Analysis}},
	volume = {11},
	issn = {0883-4237},
	url = {https://www.jstor.org/stable/2246198},
	number = {1},
	journal = {Statistical Science},
	author = {Anderson, T. W.},
	year = {1996},
	note = {Publisher: Institute of Mathematical Statistics},
	pages = {20--34},
}

@book{hastie_elements_2016,
	edition = {2nd},
	series = {Springer {Series} in {Statistics}},
	title = {The {Elements} of {Statistical} {Learning} - {Data} {Mining}, {Inference}, and {Prediction}},
	isbn = {978-0-387-84857-0},
	publisher = {Springer},
	author = {Hastie, Trevor and Tibshirani, Robert and Friedman, Jerome},
	year = {2016},
}

