@Manual{R-C50,
  title = {C50: C5.0 Decision Trees and Rule-Based Models},
  author = {Max Kuhn and Ross Quinlan},
  year = {2021},
  note = {R package version 0.1.5},
  url = {https://topepo.github.io/C5.0/},
}

@Manual{R-caret,
  title = {caret: Classification and Regression Training},
  author = {Max Kuhn},
  year = {2021},
  note = {R package version 6.0-88},
  url = {https://github.com/topepo/caret/},
}

@Manual{R-e1071,
  title = {e1071: Misc Functions of the Department of Statistics, Probability
Theory Group (Formerly: E1071), TU Wien},
  author = {David Meyer and Evgenia Dimitriadou and Kurt Hornik and Andreas Weingessel and Friedrich Leisch},
  year = {2021},
  note = {R package version 1.7-8},
  url = {https://CRAN.R-project.org/package=e1071},
}

@Manual{R-GGally,
  title = {GGally: Extension to ggplot2},
  author = {Barret Schloerke and Di Cook and Joseph Larmarange and Francois Briatte and Moritz Marbach and Edwin Thoen and Amos Elberg and Jason Crowley},
  year = {2021},
  note = {R package version 2.1.2},
  url = {https://CRAN.R-project.org/package=GGally},
}

@Manual{R-ggpubr,
  title = {ggpubr: ggplot2 Based Publication Ready Plots},
  author = {Alboukadel Kassambara},
  year = {2020},
  note = {R package version 0.4.0},
  url = {https://rpkgs.datanovia.com/ggpubr/},
}

@Manual{R-knitr,
  title = {knitr: A General-Purpose Package for Dynamic Report Generation in R},
  author = {Yihui Xie},
  year = {2021},
  note = {R package version 1.34},
  url = {https://yihui.org/knitr/},
}

@Manual{R-MASS,
  title = {MASS: Support Functions and Datasets for Venables and Ripley's MASS},
  author = {Brian Ripley},
  year = {2021},
  note = {R package version 7.3-54},
  url = {http://www.stats.ox.ac.uk/pub/MASS4/},
}

@Manual{R-mda,
  title = {mda: Mixture and Flexible Discriminant Analysis},
  author = {S original by Trevor Hastie & Robert Tibshirani. Original R port by Friedrich Leisch and Kurt Hornik and Brian D. Ripley. Balasubramanian Narasimhan has contributed to the upgrading of the code.},
  year = {2020},
  note = {R package version 0.5-2},
  url = {https://CRAN.R-project.org/package=mda},
}

@Manual{R-microbenchmark,
  title = {microbenchmark: Accurate Timing Functions},
  author = {Olaf Mersmann},
  year = {2021},
  note = {R package version 1.4.9},
  url = {https://github.com/joshuaulrich/microbenchmark/},
}

@Manual{R-party,
  title = {party: A Laboratory for Recursive Partytioning},
  author = {Torsten Hothorn and Kurt Hornik and Carolin Strobl and Achim Zeileis},
  year = {2021},
  note = {R package version 1.3-9},
  url = {http://party.R-forge.R-project.org},
}

@Manual{R-plyr,
  title = {plyr: Tools for Splitting, Applying and Combining Data},
  author = {Hadley Wickham},
  year = {2020},
  note = {R package version 1.8.6},
  url = {https://CRAN.R-project.org/package=plyr},
}

@Manual{R-ranger,
  title = {ranger: A Fast Implementation of Random Forests},
  author = {Marvin N. Wright and Stefan Wager and Philipp Probst},
  year = {2021},
  note = {R package version 0.13.1},
  url = {https://github.com/imbs-hl/ranger},
}

@Manual{R-Rborist,
  title = {Rborist: Extensible, Parallelizable Implementation of the Random Forest
Algorithm},
  author = {Mark Seligman},
  year = {2019},
  note = {R package version 0.2-3},
  url = {https://CRAN.R-project.org/package=Rborist},
}

@Manual{R-rFerns,
  title = {rFerns: Random Ferns Classifier},
  author = {Miron Bartosz Kursa},
  year = {2021},
  note = {R package version 5.0.0},
  url = {https://gitlab.com/mbq/rFerns},
}

@Manual{R-rmarkdown,
  title = {rmarkdown: Dynamic Documents for R},
  author = {JJ Allaire and Yihui Xie and Jonathan McPherson and Javier Luraschi and Kevin Ushey and Aron Atkins and Hadley Wickham and Joe Cheng and Winston Chang and Richard Iannone},
  year = {2021},
  note = {R package version 2.11},
  url = {https://CRAN.R-project.org/package=rmarkdown},
}

@Manual{R-rpart,
  title = {rpart: Recursive Partitioning and Regression Trees},
  author = {Terry Therneau and Beth Atkinson},
  year = {2019},
  note = {R package version 4.1-15},
  url = {https://CRAN.R-project.org/package=rpart},
}

@Manual{R-SPlit,
  title = {SPlit: Split a Dataset for Training and Testing},
  author = {Akhil Vakayil and Roshan Joseph and Simon Mak},
  year = {2022},
  note = {R package version 1.2},
  url = {https://CRAN.R-project.org/package=SPlit},
}

@Manual{R-tidyverse,
  title = {tidyverse: Easily Install and Load the Tidyverse},
  author = {Hadley Wickham},
  year = {2021},
  note = {R package version 1.3.1},
  url = {https://CRAN.R-project.org/package=tidyverse},
}

@Book{knitr2015,
  title = {Dynamic Documents with {R} and knitr},
  author = {Yihui Xie},
  publisher = {Chapman and Hall/CRC},
  address = {Boca Raton, Florida},
  year = {2015},
  edition = {2nd},
  note = {ISBN 978-1498716963},
  url = {https://yihui.org/knitr/},
}

@InCollection{knitr2014,
  booktitle = {Implementing Reproducible Computational Research},
  editor = {Victoria Stodden and Friedrich Leisch and Roger D. Peng},
  title = {knitr: A Comprehensive Tool for Reproducible Research in {R}},
  author = {Yihui Xie},
  publisher = {Chapman and Hall/CRC},
  year = {2014},
  note = {ISBN 978-1466561595},
  url = {http://www.crcpress.com/product/isbn/9781466561595},
}

@Book{MASS2002,
  title = {Modern Applied Statistics with S},
  author = {W. N. Venables and B. D. Ripley},
  publisher = {Springer},
  edition = {Fourth},
  address = {New York},
  year = {2002},
  note = {ISBN 0-387-95457-0},
  url = {https://www.stats.ox.ac.uk/pub/MASS4/},
}

@Article{party2006a,
  title = {Unbiased Recursive Partitioning: A Conditional Inference Framework},
  author = {Torsten Hothorn and Kurt Hornik and Achim Zeileis},
  journal = {Journal of Computational and Graphical Statistics},
  year = {2006},
  volume = {15},
  number = {3},
  pages = {651--674},
}

@Article{party2008a,
  title = {Model-Based Recursive Partitioning},
  author = {Achim Zeileis and Torsten Hothorn and Kurt Hornik},
  journal = {Journal of Computational and Graphical Statistics},
  year = {2008},
  volume = {17},
  number = {2},
  pages = {492--514},
}

@Article{party2006b,
  title = {Survival Ensembles},
  author = {Torsten Hothorn and Peter Buehlmann and Sandrine Dudoit and Annette Molinaro and Mark {Van Der Laan}},
  journal = {Biostatistics},
  year = {2006},
  volume = {7},
  number = {3},
  pages = {355--373},
}

@Article{party2007a,
  title = {Bias in Random Forest Variable Importance Measures: Illustrations, Sources and a Solution},
  author = {Carolin Strobl and Anne-Laure Boulesteix and Achim Zeileis and Torsten Hothorn},
  journal = {BMC Bioinformatics},
  year = {2007},
  volume = {8},
  number = {25},
  doi = {10.1186/1471-2105-8-25},
}

@Article{party2008b,
  title = {Conditional Variable Importance for Random Forests},
  author = {Carolin Strobl and Anne-Laure Boulesteix and Thomas Kneib and Thomas Augustin and Achim Zeileis},
  journal = {BMC Bioinformatics},
  year = {2008},
  volume = {9},
  number = {307},
  doi = {10.1186/1471-2105-9-307},
}

@Article{plyr2011,
  title = {The Split-Apply-Combine Strategy for Data Analysis},
  author = {Hadley Wickham},
  journal = {Journal of Statistical Software},
  year = {2011},
  volume = {40},
  number = {1},
  pages = {1--29},
  url = {http://www.jstatsoft.org/v40/i01/},
}

@Article{ranger2017,
  title = {{ranger}: A Fast Implementation of Random Forests for High Dimensional Data in {C++} and {R}},
  author = {Marvin N. Wright and Andreas Ziegler},
  journal = {Journal of Statistical Software},
  year = {2017},
  volume = {77},
  number = {1},
  pages = {1--17},
  doi = {10.18637/jss.v077.i01},
}

@Article{rFerns2014,
  title = {{rFerns}: An Implementation of the Random Ferns Method for General-Purpose Machine Learning},
  author = {Miron B. Kursa},
  journal = {Journal of Statistical Software},
  year = {2014},
  volume = {61},
  number = {10},
  pages = {1--13},
  url = {https://www.jstatsoft.org/v61/i10/},
}

@Book{rmarkdown2018,
  title = {R Markdown: The Definitive Guide},
  author = {Yihui Xie and J.J. Allaire and Garrett Grolemund},
  publisher = {Chapman and Hall/CRC},
  address = {Boca Raton, Florida},
  year = {2018},
  note = {ISBN 9781138359338},
  url = {https://bookdown.org/yihui/rmarkdown},
}

@Book{rmarkdown2020,
  title = {R Markdown Cookbook},
  author = {Yihui Xie and Christophe Dervieux and Emily Riederer},
  publisher = {Chapman and Hall/CRC},
  address = {Boca Raton, Florida},
  year = {2020},
  note = {ISBN 9780367563837},
  url = {https://bookdown.org/yihui/rmarkdown-cookbook},
}

@Article{tidyverse2019,
  title = {Welcome to the {tidyverse}},
  author = {Hadley Wickham and Mara Averick and Jennifer Bryan and Winston Chang and Lucy D'Agostino McGowan and Romain François and Garrett Grolemund and Alex Hayes and Lionel Henry and Jim Hester and Max Kuhn and Thomas Lin Pedersen and Evan Miller and Stephan Milton Bache and Kirill Müller and Jeroen Ooms and David Robinson and Dana Paige Seidel and Vitalie Spinu and Kohske Takahashi and Davis Vaughan and Claus Wilke and Kara Woo and Hiroaki Yutani},
  year = {2019},
  journal = {Journal of Open Source Software},
  volume = {4},
  number = {43},
  pages = {1686},
  doi = {10.21105/joss.01686},
}

